<?xml version="1.0" encoding="UTF-8"?><collection xmlns="http://www.loc.gov/MARC21/slim"><record><leader>00317nam--2200133-i-4500</leader><controlfield tag="001">000020897</controlfield><controlfield tag="002">20161230</controlfield><controlfield tag="005">20161230201033</controlfield><controlfield tag="008">060222s1000------------r-----000-0-eng-d</controlfield><datafield ind1=" " ind2=" " tag="080"><subfield code="a">539.1</subfield></datafield><datafield ind1=" " ind2=" " tag="100"><subfield code="a">Fiuciuc, Natalia</subfield></datafield><datafield ind1=" " ind2=" " tag="245"><subfield code="a">In lumea atomului</subfield></datafield><datafield ind1=" " ind2=" " tag="260"><subfield code="a">Bucuresti, Editura Albatros, 1983. 304 P</subfield></datafield><datafield ind1=" " ind2=" " tag="852"><subfield code="a">70804</subfield></datafield></record></collection>